@article{lary2016machine,
	title={Machine learning in geosciences and remote sensing},
	author={Lary, David J and Alavi, Amir H and Gandomi, Amir H and Walker, Annette L},
	journal={Geoscience Frontiers},
	volume={7},
	number={1},
	pages={3--10},
	year={2016},
	publisher={Elsevier}
}


@article{朱建章2016遥感大数据研究现状与发展趋势,
	title={遥感大数据研究现状与发展趋势},
	author={朱建章 and 石强 and 陈凤娥 and 史晓丹 and 董泽民 and 秦前清},
	journal={中国图象图形学报},
	volume={021},
	number={11},
	pages={1425-1439},
	year={2016},
}

@article{张兵2018遥感大数据时代与智能信息提取,
	title={遥感大数据时代与智能信息提取},
	author={张兵},
	journal={武汉大学学报:信息科学版},
	volume={43},
	number={12},
	pages={108-118},
	year={2018},
}
